<record><leader>00000cas a2200000 a 4500</leader><controlfield tag="001">2261893</controlfield><controlfield tag="008">760620u1970uuuualuer ne      0   a0eng d</controlfield><datafield ind1=" " ind2=" " tag="010"><subfield code="a">sn2002061513</subfield></datafield><datafield ind1=" " ind2=" " tag="040"><subfield code="a">PIT</subfield><subfield code="b">eng</subfield><subfield code="c">PIT</subfield><subfield code="d">MUL</subfield><subfield code="d">NYS</subfield><subfield code="d">OCLCQ</subfield><subfield code="d">OCLCF</subfield><subfield code="d">OCLCO</subfield></datafield><datafield ind1=" " ind2=" " tag="043"><subfield code="a">n-us-al</subfield></datafield><datafield ind1="0" ind2="0" tag="245"><subfield code="a">High gauge.</subfield></datafield><datafield ind1=" " ind2=" " tag="260"><subfield code="a">Tuscaloosa, Ala. :</subfield><subfield code="b">High Gauge,</subfield><subfield code="c">1970-</subfield></datafield><datafield ind1="0" ind2=" " tag="362"><subfield code="a">Vol. 1, no. 1 (Aug. 13, 1970)-</subfield></datafield><datafield ind1=" " ind2=" " tag="500"><subfield code="a">Published by students at University of Alabama.</subfield></datafield><datafield ind1=" " ind2=" " tag="500"><subfield code="a">Latest issue consulted: Vol. 1, no. 7 (Dec. 10, 1970).</subfield></datafield><datafield ind1=" " ind2=" " tag="530"><subfield code="a">Available on microfilm from UMI (Underground newspaper/press collection).</subfield></datafield><datafield ind1=" " ind2="0" tag="650"><subfield code="a">Student publications</subfield><subfield code="z">Alabama</subfield><subfield code="z">Tuscaloosa.</subfield></datafield><datafield ind1=" " ind2="0" tag="650"><subfield code="a">Underground press publications</subfield><subfield code="z">Alabama</subfield><subfield code="z">Tuscaloosa.</subfield></datafield><datafield ind1=" " ind2="0" tag="651"><subfield code="a">Tuscaloosa (Ala.)</subfield><subfield code="v">Newspapers.</subfield></datafield><datafield ind1=" " ind2="0" tag="651"><subfield code="a">Tuscaloosa County (Ala.)</subfield><subfield code="v">Newspapers.</subfield></datafield><datafield ind1=" " ind2="7" tag="655"><subfield code="a">Newspapers.</subfield><subfield code="2">fast</subfield><subfield code="0">(OCoLC)fst01423814</subfield></datafield><datafield ind1=" " ind2="7" tag="650"><subfield code="a">Student publications.</subfield><subfield code="2">fast</subfield><subfield code="0">(OCoLC)fst01135976</subfield></datafield><datafield ind1=" " ind2="7" tag="650"><subfield code="a">Underground press publications.</subfield><subfield code="2">fast</subfield><subfield code="0">(OCoLC)fst01160984</subfield></datafield><datafield ind1=" " ind2="7" tag="651"><subfield code="a">Alabama</subfield><subfield code="z">Tuscaloosa.</subfield><subfield code="2">fast</subfield><subfield code="0">(OCoLC)fst01206929</subfield></datafield><datafield ind1=" " ind2="7" tag="651"><subfield code="a">Alabama</subfield><subfield code="z">Tuscaloosa County.</subfield><subfield code="2">fast</subfield><subfield code="0">(OCoLC)fst01209304</subfield></datafield><datafield ind1="2" ind2=" " tag="710"><subfield code="a">University of Alabama.</subfield></datafield><datafield ind1=" " ind2=" " tag="752"><subfield code="a">United States</subfield><subfield code="b">Alabama</subfield><subfield code="c">Tuscaloosa</subfield><subfield code="d">Tuscaloosa.</subfield></datafield></record>